

@online{uilleannSubtractive,
	author = {ó Póil, Tomas and Timoney, Joseph and  Lysaght, Thomas and Lazzarini, Victor and Voight, Robert},
	title = {Analysis tools and Results for a Subtractive Synthesis Modelling of the Irish Uilleann Pipes},
	date = {28 Jan 2013},
	url = {http://mural.maynoothuniversity.ie/4106/},
}


